<?xml version="1.0" encoding="UTF-8"?><record xmlns="http://www.loc.gov/MARC21/slim" xmlns:cinclude="http://apache.org/cocoon/include/1.0" xmlns:zs="http://www.loc.gov/zing/srw/">
  <leader>00729nz  a2200145n  4500</leader>
  <controlfield tag="001">n 2004096960</controlfield>
  <controlfield tag="003">DLC</controlfield>
  <controlfield tag="005">20040615150854.0</controlfield>
  <controlfield tag="008">040615n| acannaabn          |a aaa      </controlfield>
  <datafield tag="010" ind1=" " ind2=" ">
    <subfield code="a">n 2004096960</subfield>
  </datafield>
  <datafield tag="040" ind1=" " ind2=" ">
    <subfield code="a">DLC</subfield>
    <subfield code="c">DLC</subfield>
  </datafield>
  <datafield tag="100" ind1="1" ind2=" ">
    <subfield code="a">Suknenko, L. A.</subfield>
    <subfield code="q">(Leonid A.)</subfield>
  </datafield>
  <datafield tag="400" ind1="1" ind2=" ">
    <subfield code="a">Suknenko, Leonid</subfield>
  </datafield>
  <datafield tag="670" ind1=" " ind2=" ">
    <subfield code="a">Spet︠s︡ialʹna kontrolʹna komisii︠a︡ Verkhovnoï Rady Ukraïny z pytanʹ pryvatyzat︠s︡iï. Naslidky i perspektyvy pryvatyzat︠s︡iï v Ukraïni, 2003:</subfield>
    <subfield code="b">colophon (L. A. Suknenko)</subfield>
  </datafield>
  <datafield tag="670" ind1=" " ind2=" ">
    <subfield code="a">www.kontrakty.com.ua/rus/gc/nomer/2003/15/5.html, 06/15/2004:</subfield>
    <subfield code="b">(Leonid Suknenko, heads the secretariat of the  Spet︠s︡ialʹna kontrolʹna komisii︠a︡ Verkhovnoï Rady Ukraïny z pytanʹ pryvatyzat︠s︡iï)</subfield>
  </datafield>
</record>